@article{AndRae06,
  author =        {Andreev, Konstantin and R{\"a}cke, Harald},
  journal =       {Theory of Computing Systems},
  number =        {6},
  pages =         {929--939},
  title =         {Balanced Graph Partitioning},
  volume =        {39},
  year =          {2006},
}

@article{GaJoSt76,
  author =        {M. R. Garey and David S. Johnson and
                   Larry J. Stockmeyer},
  journal =       tcs,
  number =        {3},
  pages =         {237--267},
  title =         {{Some Simplified NP-Complete Graph Problems}},
  volume =        {1},
  year =          {1976},
}

@article{SarVaz95,
  author =        {Huzur Saran and Vijay Vazirani},
  journal =       {SIAM Journal on Computing},
  number =        {1},
  pages =         {101--108},
  title =         {Finding k Cuts within Twice the Optimal},
  volume =        {24},
  year =          {1995},
}

@article{ArKaKa99,
  author =        {Sanjeev Arora and David R. Karger and
                   Marek Karpinski},
  journal =       {Journal of Computer and System Sciences},
  number =        {1},
  pages =         {193--210},
  title =         {Polynomial Time Approximation Schemes for Dense
                   Instances of {NP}-Hard Problems},
  volume =        {58},
  year =          {1999},
}

@inproceedings{FeKrNi00,
  author =        {Uriel Feige and Robert Krauthgamer and Kobbi Nissim},
  booktitle =     {Proc. 32nd ACM Symposium on Theory of Computing (STOC)},
  pages =         {530--536},
  title =         {Approximating the minimum bisection size (extended
                   abstract)},
  year =          {2000},
}

@article{FeiKra02,
  author =        {Feige, Uriel and Krauthgamer, Robert},
  journal =       {SIAM Journal on Computing},
  number =        {4},
  pages =         {1090--1118},
  title =         {A polylogarithmic approximation of the minimum
                   bisection},
  volume =        {31},
  year =          {2002},
}

@article{KraFei06,
  author =        {Robert Krauthgamer and Uriel Feige},
  journal =       {SIAM Review},
  number =        {1},
  pages =         {99-130},
  title =         {A Polylogarithmic Approximation of the Minimum
                   Bisection},
  volume =        {48},
  year =          {2006},
}

@inproceedings{Raec08,
  author =        {Harald R{\"{a}}cke},
  booktitle =     {Proc. 40th ACM Symposium on Theory of Computing (STOC)},
  pages =         {255--264},
  title =         {Optimal hierarchica decompositions for congestion
                   minimization in networks},
  year =          {2008},
}

@inproceedings{LeMaTr90,
  author =        {Tom Leighton and Filia Makedon and S. G. Tragoudas},
  booktitle =     {Proc. IEEE International Symposium on Circuits and Systems (ISCAS)},
  pages =         {2865-2868},
  title =         {{Approximation algorithms for VLSI partition problems}},
  volume =        {4},
  year =          {1990},
}

@article{SimTen97,
  author =        {Horst Simon and Shang{-}Hua Teng},
  journal =       {SIAM Journal on Computing},
  number =        {5},
  pages =         {1436--1445},
  title =         {How Good is Recursive Bisection?},
  volume =        {18},
  year =          {1997},
}

@article{EvNaRS00,
  author =        {Guy Even and Joseph Naor and Satish Rao and
                   Baruch Schieber},
  journal =       {Journal of the ACM},
  number =        {4},
  pages =         {585--616},
  title =         {Divide-and-conquer approximation algorithms via
                   spreading metrics},
  volume =        {47},
  year =          {2000},
}

@article{EvNaRS99,
  author =        {Guy Even and Joseph Naor and Satish Rao and
                   Baruch Schieber},
  journal =       {SIAM Journal on Computing},
  number =        {6},
  pages =         {2187--2214},
  title =         {Fast Approximate Graph Partitioning Algorithms},
  volume =        {28},
  year =          {1999},
}

@inproceedings{KrNaSc09,
  author =        {Robert Krauthgamer and Joseph Naor and Roy Schwartz},
  booktitle =     {Proc. 20th ACM-SIAM Symposium on Discrete Algorithms
                   (SODA)},
  pages =         {942--949},
  title =         {Partitioning graphs into balanced components},
  year =          {2009},
}

@article{ArRaVa09,
  author =        {Arora, Sanjeev and Rao, Satish and Vazirani, Umesh},
  journal =       {Journal of the ACM},
  number =        {2},
  pages =         {5},
  title =         {Expander flows, geometric embeddings and graph
                   partitioning},
  volume =        {56},
  year =          {2009},
}

@article{FelFos15,
  author =        {Andreas Emil Feldmann and Luca Foschini},
  journal =       {Algorithmica},
  number =        {2},
  pages =         {354--376},
  title =         {Balanced Partitions of Trees and Applications},
  volume =        {71},
  year =          {2015},
}

@article{FKLMSY91,
  author =        {Amos Fiat and Richard M.~Karp and Michael Luby and
                   Lyle A.~McGeoch and Daniel D.~Sleator and
                   Neal E.~Young},
  journal =       {Journal of Algorithms},
  number =        {4},
  pages =         {685--699},
  title =         {Competitive paging algorithms},
  volume =        {12},
  year =          {1991},
}

@article{McGSle91,
  author =        {Lyle McGeoch and Daniel Sleator},
  journal =       {Algorithmica},
  number =        {6},
  pages =         {816--825},
  title =         {A Strongly Competitive Randomized Paging Algorithm},
  volume =        {6},
  year =          {1991},
}

@article{AcChNo00,
  author =        {Dimitris Achlioptas and Marek Chrobak and John Noga},
  journal =       {Theoretical Computer Science},
  number =        {1--2},
  pages =         {203--218},
  title =         {Competitive analysis of randomized paging algorithms},
  volume =        {234},
  year =          {2000},
}

@inproceedings{EpImLN11,
  author =        {Epstein, Leah and Imreh, Csan\'{a}d and Levin, Asaf and
                   Nagy-Gy\"{o}rgy, Judit},
  booktitle =     {Proc. 38th Int. Colloq. on Automata, Languages and
                   Programming (ICALP)},
  pages =         {195--206},
  title =         {On Variants of File Caching},
  year =          {2011},
}

@article{EpImLN15,
  author =        {Leah Epstein and Csan{\'{a}}d Imreh and Asaf Levin and
                   Judit Nagy{-}Gy{\"{o}}rgy},
  journal =       {Algorithmica},
  number =        {2},
  pages =         {279--306},
  title =         {Online File Caching with Rejection Penalties},
  volume =        {71},
  year =          {2015},
}

@article{Irani02,
  author =        {Sandy Irani},
  journal =       {Algorithmica},
  number =        {3},
  pages =         {384--409},
  title =         {Page Replacement with Multi-Size Pages and
                   Applications to Web Caching},
  volume =        {33},
  year =          {2002},
}

@article{KaMaMO94,
  author =        {Anna R. Karlin and Mark S. Manasse and
                   Lyle A. McGeoch and Susan Owicki},
  journal =       {Algorithmica},
  number =        {6},
  pages =         {542--571},
  title =         {Competitive Randomized Algorithms for Non-Uniform
                   Problems},
  volume =        {11},
  year =          {1994},
}
@article{SleTar85,
  author =        {Daniel~Sleator and Robert~Tarjan},
  journal =       {Communications of the ACM},
  number =        {2},
  pages =         {202--208},
  title =         {Amortized efficiency of list update and paging rules},
  volume =        {28},
  year =          {1985},
}
@article{MogPop12,
  author =        {Mogul, Jeffrey C and Popa, Lucian},
  journal =       {ACM SIGCOMM Computer Communication Review},
  number =        {5},
  pages =         {44--48},
  title =         {What we talk about when we talk about cloud network
                   performance},
  volume =        {42},
  year =          {2012},
}
@article{orchestra,
 author = {M. Chowdhury and M. Zaharia and J. Ma and M. I. Jordan and I. Stoica},
 title = {{Managing Data Transfers in Computer Clusters with Orchestra}},
 journal= {ACM SIGCOMM},
 year = {2011},
 volume = {41},
 number = {4},
 pages = {98--109}
}
@book{borodin-book,
	author = "Allan Borodin and Ran {El-Yaniv}",
	title = "Online Computation and Competitive Analysis",
	publisher = "Cambridge University Press",
	year = 1998,
}

@article{repartition-disc,
 author = {Chen Avin and Andreas Loukas and Maciej Pacut and Stefan Schmid},
 title = {{Online Balanced Repartitioning}},
 journal= {DISC},
 year = {2016},
 pages = {243--256}
}

@article{karlin-ski-rental,
  author = {Anna Karlin and Mark Manasse and Lyle McGeoch Karlin},
  title = {Competitive Randomized Algorithms for Nonuniform Problems.},
  journal = {Algorithmica},
  year = {1994},
 volume = {11},
 number = {6},
  pages = { 542-â€“571}
}


@article{stochastic-ring,
  author    = {Chen Avin and
               Louis Cohen and
               Mahmoud Parham and
               Stefan Schmid},
  title     = {Competitive clustering of stochastic communication patterns on a ring},
  journal   = {Computing},
  volume    = {101},
  number    = {9},
  pages     = {1369--1390},
  year      = {2019},
  url       = {https://doi.org/10.1007/s00607-018-0666-x},
  doi       = {10.1007/s00607-018-0666-x},
  timestamp = {Thu, 31 Oct 2019 17:50:10 +0100},
  biburl    = {https://dblp.org/rec/journals/computing/AvinCPS19.bib},
  bibsource = {dblp computer science bibliography, https://dblp.org}
}
@inproceedings{sigmetrics19_partitioning,
	booktitle = {ACM SIGMETRICS / IFIP Performance 2019},
	year = {2019},
	month = {June},
	title = {Efficient Distributed Workload (Re-)Embedding},
	author = {Monika Henzinger and Stefan Neumann and Stefan Schmid}
}


@inproceedings{disc2020,
	booktitle = {unpublished},
	title = {Optimal Algorithms for Dynamic Balanced Graph Partitioning},
	author = {Maciej Pacut and Mahmoud Parham and Stefan Schmid}
}

@misc{url-azure,
 title = {Microsoft {A}zure},
  url = {http://azure.microsoft.com},
  key = {AZU}
}

@misc{url-amazon-ec2,
  title = {Amazon {W}eb {S}ervices},
  url = {https://aws.amazon.com/ec2/},
  key = {AWS}
}

@misc{url-gce,
  title = {Google {C}ompute {E}ngine},
  url = {http://cloud.google.com},
  key = {GCE}
}

@misc{url-xen,
  title = {{Xen {P}roject}},
  url = {http://www.xenproject.org},
  key = {XEN}
}

@misc{url-kvm,
  title = {{Kernel-based {V}irtual {M}achine}},
  url = {http://www.linux-kvm.org},
  key = {KVM}
}

@misc{url-hyperv,
  title = {{Hyper-{V}}},
  url = {https://www.microsoft.com/en-us/cloud-platform/server-virtualization},
  key = {HyV}
}

@misc{url-vmware,
  title = {{VMware {ESX}i}},
  url = {http://vmware.com/products/esxi-and-esx/},
  key = {VMESX}
}

@article{fat-trees,
	author = "Charles Leiserson",
	title = "Fat-trees: universal networks for hardware-efficient supercomputing",
	journal = "IEEE Transactions on Computers",
	volume = 34,
	number = 10,
	pages = {892--901},
	year = 1985
}

@article{my-icnp,
	author = "Carlo Fuerst and Maciej Pacut and Paolo Costa and Stefan Schmid",
	title = {{How hard can it be? Understanding the complexity of replica aware virtual cluster embeddings}},
	journal = "International Conference on Network Protocols (ICNP)",
	pages = "11-21",
	year = 2015
}

@article{my-disc,
	title = "Online Balanced Repartitioning",
	author = "Chen Avin and Andreas Loukas and Maciej Pacut and Stefan Schmid",
	journal = "International Conference on Distributed Computing",
	pages = "243-256",
	year = 2016
}

@article{my-spaa,
	author = "Marcin Bienkowski and Jan Marcinkowski and Maciej Pacut and Stefan Schmid and Aleksandra Spyra",
	title = "Online Tree Caching",
	journal = "ACM Symposium on Parallelism in Algorithms and Architectures",
	pages = "329-338",
	year = 2017
}
@article{my-tcs,
	title = "Data locality and replica aware virtual cluster embeddings",
	author = "Carlo Fuerst and Maciej Pacut and Stefan Schmid",
	journal = "Journal of Theoretical Computer Science 697",
	pages = "37-57",
	year = 2017
}

@article{tcam-memory,
	title = {{Content-Addressable Memory (CAM) circuits and architectures: a tutorial and survey}},
	author = "Kostas Pagiamtis and Ali Sheikholeslami",
	journal = "IEEE Journal of Solid-State Circuits. 41(3)",
	pages = "712-727",
	year = 2006
}

@misc{url-bgp-entries,
  title = {{CIDR Report on BGP Table Size}},
  url = {https://www.cidr-report.org/cgi-bin/plota?file=%2fvar%2fdata%2fbgp%2fas2.0%2fbgp%2dactive%2etxt&descr=Active%20BGP%20entries%20%28FIB%29&ylabel=Active%20BGP%20entries%20%28FIB%29&with=step},
  key = {BGP}
}



@misc{tcam-exhaust,
  title = {{ACL and QoS TCAM Exhaustion Avoidance}},
  url = {https://www.cisco.com/c/en/us/support/docs/switches/catalyst-4000-series-switches/66978-tcam-cat-4500.html },
  key = {EXH}
}


@misc{bgp-updates,
  title = {{The BGP instability report}},
  url = {http://bgpupdates.potaroo.net/instability/bgpupd.html},
  key = {BUP}
}

@inproceedings{mla-schmoys,
	author = "David Williamson and David Schmoys",
	title = "The Design of Approximation Algorithms",
	year = 2010,
	pages = "220--230",
	publisher = "Cambridge University Press",
	key = {SCH}
}
		
@article{vpn-apx,
	title = {{ The VPN Problem with Concave Costs}},
	author = "Samuel Fiorini and Gianpaolo Oriolo and Laura SanitÃ  and Dirk Oliver Theis",
	journal = "SIAM Journal of Discrete Mathematics. 24(3)",
	pages = "1080--1090",
	year = 2010
}


@article{ord-prob,
	title = {{ New Approximation Techniques for Some Linear Ordering Problems}},
	author = "Satish Rao and AndrÃ©a W. Richa",
	journal = "SIAM Journal on Computing. 34(2)",
	pages = "388--404",
	year = 2004
}


@article{vpn1,
	author = "Friedrich Eisenberg and Fabrizio Grandoni and Gianpaolo Oriolo and Martin Skutella",
	title = {{ New Approaches for Virtual Private Network Design}},
	journal = "Int. Colloq. on Automata, Languages and Programming (ICALP)",
	pages = "1151--1162",
	year = 2005
}


@article{vpn2,
	author = "Anupam Gupta and Amit Kumar and Tim Roughgarden",
	title = {{ Simpler and better approximation algorithms for network design}},
	journal = "Proc. of the ACM symposium on Theory of Computing (STOC)",
	pages = "365--372",
	year = 2003
}


@article{electric-flows,
	author = "Aleksander Madry",
	title = {{ Navigating Central Path with Electrical Flows: From Flows to Matchings, and Back}},
	journal = "2013 IEEE 54th Annual Symposium on Foundations of Computer Science (FOCS)",
	pages = "253--262",
	year = 2013
}


@article{matching-best,
	author = "Michael Cohen and Aleksander Madry and Piotr Sankowski and Adrian Vladu",
	title = {{ Negative-Weight Shortest Paths and Unit Capacity Minimum Cost Flow in O (m(10/7) log W) Time}},
	journal = "Proceedings of the 28th ACM-SIAM Symposium on Discrete Algorithms (SODA)",
	pages = "752--771",
	year = 2017
}



@article{offline-lca,
	author = "Harold Gabow and Robert Tarjan",
	title = {{ A linear-time algorithm for a special case of disjoint set union}},
	journal = "Proceedings of 50th annual ACM Symposium on Theory of computing (STOC)",
	pages = "246--251",
	year = 1983
}


@inproceedings{tcam-expensive-updates,
  author    = {Danny Yuxing Huang and
               Ken Yocum and
               Alex C. Snoeren},
  title     = {High-fidelity switch models for software-defined network emulation},
  booktitle = proc # "2nd" # "{ACM SIGCOMM} Workshop on Hot Topics in
               Software Defined Networking (HotSDN)",
  pages     = {43--48},
  year      = 2013,
}


@inproceedings{fib-updates,
  author    = {Pierre Fran{\c{c}}ois and
               Clarence Filsfils and
               John Evans and
               Olivier Bonaventure},
  title     = {Achieving sub-second {IGP} convergence in large {IP} networks},
  journal   = ccr,
  volume    = 35,
  number    = 3,
  pages     = {35--44},
  year      = 2005,
}


@InProceedings{gapbridge,
  author = 	 {Virajith Jalaparti and Hitesh Ballani
               and Paolo Costa and Thomas Karagiannis
               and Antony Rowstron},
  title = 	 {{Bridging the Tenant-Provider Gap
               in Cloud Services}},
  booktitle = {Proc. ACM Symposium on Cloud Computing (SoCC)},
  year = 	 {2012},
}

@InProceedings{short-gapbridge,
  author = 	 {{V.~Jalaparti et al.}},
  title = 	 {{Bridging the Tenant-Provider Gap
               in Cloud Services}},
  booktitle = {SoCC},
  year = 	 {2012},
}

@inproceedings{shark,
 author = {Xin, Reynold and Rosen, Josh and Zaharia, Matei and Franklin, Michael and Shenker, Scott and Stoica, Ion},
 title = {{Shark: SQL and Rich Analytics at Scale}},
 booktitle = {Proc. ACM SIGMOD},
 year = {2013},
 pages = {13--24},
}

@inproceedings{nodb,
 author = {Alagiannis, Ioannis and Borovica, Renata and Branco, Miguel and Idreos, Stratos and Ailamaki, Anastasia},
 title = {{NoDB: Efficient query execution on raw data files}},
 booktitle = {Proc. ACM SIGMOD},
 year = {2012},
 pages = {241--252},
}


@TECHREPORT{collocation-survey-algos,
    author = {Bradford L. Chamberlain},
    title = {Graph Partitioning Algorithms for Distributing Workloads of Parallel Computations},
    institution = {Technical Report},
    year = {1998}
}

@article{collocation-spectralgraph,
 author = {Hendrickson, Bruce and Leland, Robert},
 title = {An improved spectral graph partitioning algorithm for mapping parallel computations},
 journal = {SIAM J. Sci. Comput.},
 issue_date = {March 1995},
 volume = {16},
 number = {2},
 year = {1995},
 pages = {452--469},
}

@inproceedings{mapreduce,
  author    = {Jeffrey Dean and
               Sanjay Ghemawat},
  title     = {MapReduce: Simplified Data Processing on Large Clusters},
  booktitle = {Proc. USENIX OSDI},
  year      = {2004},
  pages     = {137-150}
}
@inproceedings{icdcn12stefan,
  author = {Even, Guy and Medina, Moti and Schaffrath, Gregor and
    Schmid, Stefan},
  title = {Competitive and Deterministic Embeddings of Virtual Networks},
  booktitle = {Proc. 13th International Conference on Distributed Computing and
    Networking (ICDCN)},
  year = 2012,
}


@inproceedings{podc11,
 author = {Bansal, Nikhil and Lee, Kang-Won and Nagarajan, Viswanath and Zafer, Murtaza},
 title = {Minimum congestion mapping in a cloud},
 booktitle = {Proc. ACM PODC},
 year = {2011},
 pages = {267--276},
}


@misc{amazonbw,
title = {{Measuring EC2 system performance}},
note = {\url{http://goo.gl/V5zhEd}},
key = "MEC2"
}


@article{faircloud,
  title={FairCloud: sharing the network in cloud computing},
  author={Popa, Lucian and Kumar, Gautam and Chowdhury, Mosharaf and Krishnamurthy, Arvind and Ratnasamy, Sylvia and
Stoica, Ion},
  journal={{Proceedings of the ACM SIGCOMM 2012 Conference on Applications, Technologies, Architectures, and Protocols for Computer Communication}},
  pages={187--198},
  year={2012},
  organization={ACM}
}


@inproceedings{elasticswitch,
 author = {Popa, Lucian and Yalagandula, Praveen and Banerjee, Sujata and Mogul, Jeffrey C. and Turner, Yoshio and Santos, Jose Renato},
 title = {ElasticSwitch: Practical Work-conserving Bandwidth Guarantees for Cloud Computing},
 booktitle = {Proc. ACM SIGCOMM},
 year = {2013}
}


@inproceedings{seawall,
 author = {Shieh, Alan and Kandula, Srikanth and Greenberg, Albert and Kim, Changhoon},
 title = {Seawall: Performance Isolation for Cloud Datacenter Networks},
 booktitle = {Proc. USENIX HotCloud},
 year = {2010},
 pages = {1--1}
}


@inproceedings{oktopus,
  title={Towards predictable datacenter networks.},
  author={Ballani, Hitesh and Costa, Paolo and Karagiannis, Thomas and Rowstron, Antony},
  booktitle={Proc. ACM SIGCOMM},
  year={2011}
}

@article{ccr15emb,
  author = {Matthias Rost and Carlo Fuerst and Stefan Schmid},
  title = {Beyond the Stars: Revisiting Virtual Cluster Embeddings},
  journal = {Proc. ACM SIGCOMM Computer Communication Review (CCR)},
  year = {2015},
  volume = {45},
  number = {3},
  pages = {12--18}
}
@article{infocom16,
  author = {Carlo Fuerst and Stefan Schmid and Lalith Suresh and Paolo Costa},
  title = {Kraken: Online and Elastic Resource Reservations for Multi-tenant Datacenters},
  journal = {Journal IEEE/ACM Transactions on Networking (TON)},
  year = {2016},
  volume = {26},
  number = {1},
  pages = {422--435}
}
@article{proteus,
  title={The only constant is change: incorporating time-varying network reservations in data centers},
  author={Xie, Di and Ding, Ning and Hu, Y Charlie and Kompella, Ramana},
  journal={ACM SIGCOMM Computer Communication Review (CCR)},
  year={2012},
  pages = {199--210}
}
@article{gupta2001provisioning,
address = {New York, New York, USA},
author = {Gupta, Anupam and Kleinberg, Jon and Kumar, Amit and Rastogi, Rajeev and Yener, Bulent},
journal = {Proc. ACM Symposium on Theory of Computing (STOC)},
title = {{Provisioning a virtual private network}},
year = {2001},
pages = {389--398}
}
@inproceedings{Goyal2008,
 author = {Goyal, Navin and Olver, Neil and Shepherd, F B.},
 title = {The {VPN} Conjecture is True},
 booktitle = {Proc. 40th Annual ACM Symposium on Theory of Computing (STOC)},
 year = {2008},
 pages = {443--450},
}
@inproceedings{gatekeeper,
 author = {Rodrigues, Henrique and Santos, Jose Renato and Turner, Yoshio and Soares, Paolo and Guedes, Dorgival},
 title = {Gatekeeper: Supporting Bandwidth Guarantees for Multi-tenant Datacenter Networks},
 booktitle = {Proc. 3rd Conference on I/O Virtualization (WIOV)},
 year = {2011},
 pages = {6--6}
}
@inproceedings{drl,
 author = {Raghavan, Barath and Vishwanath, Kashi and Ramabhadran, Sriram and Yocum, Kenneth and Snoeren, Alex C.},
 title = {Cloud Control with Distributed Rate Limiting},
 booktitle = {Proc. ACM SIGCOMM},
 year = {2007},
 pages = {337--348},
}

@inproceedings{secondnet,
 author = {Guo, Chuanxiong and Lu, Guohan and Wang, Helen J. and Yang, Shuang and Kong, Chao and Sun, Peng and Wu, Wenfei and Zhang, Yongguang},
 title = {{SecondNet}: {A} data center network virtualization architecture with bandwidth guarantees},
 booktitle = {Proc. ACM CoNEXT},
 year = {2010},
 pages={101--112}
}